% -----------------------------------------------------------------------
% File: CogSci_Template.bib
% -----------------------------------------------------------------------

% Modified : Sugandha Sharma           
01/31/2017

@article{shepard1987toward,
  title={Toward a universal law of generalization for psychological science},
  author={Shepard, Roger N},
  journal={Science},
  volume={237},
  number={4820},
  pages={1317--1323},
  year={1987},
  publisher={American Association for the Advancement of Science}
}


@inproceedings{gosmann2017a,
  title = {A Spiking Independent Accumulator Model for Winner-Take-All Computation},
  author = {Jan Gosmann and Aaron R. Voelker and Chris Eliasmith},
  booktitle = {Proceedings of the 39th Annual Conference of the Cognitive Science Society},
  publisher = {Cognitive Science Society},
  address = {London, UK},
  year = {2017},
}



@inproceedings{liang2009online,
  title={Online EM for unsupervised models},
  author={Liang, Percy and Klein, Dan},
  booktitle={Proceedings of human language technologies: The 2009 annual conference of the North American chapter of the association for computational linguistics},
  pages={611--619},
  year={2009},
  organization={Association for Computational Linguistics}
}

@inproceedings{sharma2017,
  title = {A Spiking Neural Bayesian Model of Life Span Inference},
  author = {Sugandha Sharma and Aaron R. Voelker and Chris Eliasmith},
  booktitle = {Proceedings of the 39th Annual Conference of the Cognitive Science Society},
  publisher = {Cognitive Science Society},
  address = {London, UK},
  year = {2017},
}

@article{spelke2007core,
  title={Core knowledge},
  author={Spelke, Elizabeth S and Kinzler, Katherine D},
  journal={Developmental science},
  volume={10},
  number={1},
  pages={89--96},
  year={2007},
  publisher={Wiley Online Library}
}

@article{izard2009newborn,
  title={Newborn infants perceive abstract numbers},
  author={Izard, V{\'e}ronique and Sann, Coralie and Spelke, Elizabeth S and Streri, Arlette},
  journal={Proceedings of the National Academy of Sciences},
  volume={106},
  number={25},
  pages={10382--10385},
  year={2009},
  publisher={National Acad Sciences}
}

@article{bekolay2014nengo,
  title={Nengo: a {P}ython tool for building large-scale functional brain models},
  author={Bekolay, Trevor and Bergstra, James and Hunsberger, Eric and DeWolf, Travis and Stewart, Terrence C and Rasmussen, Daniel and Choo, Xuan and Voelker, Aaron and Eliasmith, Chris},
  journal={Frontiers in neuroinformatics},
  volume={7},
  pages={48},
  year={2014},
  publisher={Frontiers}
}

@article{dempster1977maximum,
  title={Maximum likelihood from incomplete data via the {EM} algorithm},
  author={Dempster, Arthur P and Laird, Nan M and Rubin, Donald B},
  journal={Journal of the royal statistical society. Series B (methodological)},
  pages={1--38},
  year={1977},
  publisher={JSTOR}
}

@book{eliasmith2013build,
  title={How to build a brain: A neural architecture for biological cognition},
  author={Eliasmith, Chris},
  year={2013},
  publisher={Oxford University Press}
}

@article{griffiths2006optimal,
  title={Optimal predictions in everyday cognition},
  author={Griffiths, Thomas L and Tenenbaum, Joshua B},
  journal={Psychological science},
  volume={17},
  number={9},
  pages={767--773},
  year={2006},
  publisher={SAGE Publications}
}


@book{eliasmith2003neural,
  title={Neural engineering: Computation, representation, and dynamics in neurobiological systems},
  author={Eliasmith, Chris and Anderson, Charles H},
  year={2003},
  publisher={MIT press}
}



% -----------------------------------------------------------------------
% Document End
% -----------------------------------------------------------------------
