% -----------------------------------------------------------------------
% File: CogSci_Template.bib
% -----------------------------------------------------------------------

% Modified : Sugandha Sharma           
01/31/2017

@article{bekolay2014nengo,
  title={Nengo: a {P}ython tool for building large-scale functional brain models},
  author={Bekolay, Trevor and Bergstra, James and Hunsberger, Eric and DeWolf, Travis and Stewart, Terrence C and Rasmussen, Daniel and Choo, Xuan and Voelker, Aaron and Eliasmith, Chris},
  journal={Frontiers in neuroinformatics},
  volume={7},
  pages={48},
  year={2014},
  publisher={Frontiers}
}

@article{dempster1977maximum,
  title={Maximum likelihood from incomplete data via the {EM} algorithm},
  author={Dempster, Arthur P and Laird, Nan M and Rubin, Donald B},
  journal={Journal of the royal statistical society. Series B (methodological)},
  pages={1--38},
  year={1977},
  publisher={JSTOR}
}

@book{eliasmith2013build,
  title={How to build a brain: A neural architecture for biological cognition},
  author={Eliasmith, Chris},
  year={2013},
  publisher={Oxford University Press}
}

@article{griffiths2006optimal,
  title={Optimal predictions in everyday cognition},
  author={Griffiths, Thomas L and Tenenbaum, Joshua B},
  journal={Psychological science},
  volume={17},
  number={9},
  pages={767--773},
  year={2006},
  publisher={SAGE Publications}
}

@article{jacobs2011bayesian,
  title={Bayesian learning theory applied to human cognition},
  author={Jacobs, Robert A and Kruschke, John K},
  journal={Wiley Interdisciplinary Reviews: Cognitive Science},
  volume={2},
  number={1},
  pages={8--21},
  year={2011},
  publisher={Wiley Online Library}
}

@article{ma2006bayesian,
  title={Bayesian inference with probabilistic population codes},
  author={Ma, Wei Ji and Beck, Jeffrey M and Latham, Peter E and Pouget, Alexandre},
  journal={Nature neuroscience},
  volume={9},
  number={11},
  pages={1432--1438},
  year={2006},
  publisher={Nature Publishing Group}
}

@article{griffiths2012bayesians,
  title={How the {B}ayesians got their beliefs (and what those beliefs actually are): comment on Bowers and Davis (2012).},
  author={Griffiths, Thomas L and Chater, Nick and Norris, Dennis and Pouget, Alexandre},
  year={2012},
  publisher={American Psychological Association}
}

@article{xu2007word,
  title={Word learning as {B}ayesian inference.},
  author={Xu, Fei and Tenenbaum, Joshua B},
  journal={Psychological review},
  volume={114},
  number={2},
  pages={245},
  year={2007},
  publisher={American Psychological Association}
}

@book{doya2007bayesian,
  title={Bayesian brain: Probabilistic approaches to neural coding},
  author={Doya, Kenji},
  year={2007},
  publisher={MIT press}
}

@book{eliasmith2003neural,
  title={Neural engineering: Computation, representation, and dynamics in neurobiological systems},
  author={Eliasmith, Chris and Anderson, Charles H},
  year={2003},
  publisher={MIT press}
}

@article{schwartz1988primate,
  title={Primate motor cortex and free arm movements to visual targets in three-dimensional space. {I.} {R}elations between single cell discharge and direction of movement},
  author={Schwartz, Andrew B and Kettner, Ronald E and Georgopoulos, Apostolos P},
  journal={The Journal of Neuroscience},
  volume={8},
  number={8},
  pages={2913--2927},
  year={1988},
  publisher={Soc Neuroscience}
}

@article{eliasmith2011normalization,
  title={Normalization for probabilistic inference with neurons},
  author={Eliasmith, Chris and Martens, James},
  journal={Biological cybernetics},
  volume={104},
  number={4},
  pages={251--262},
  year={2011},
  publisher={Springer}
}

@misc{gosmann2015,
    author    = "Jan Gosmann",
    title     = "Precise multiplications with the {NEF}",
    year	  = "2015",
    url       = "http://dx.doi.org/10.5281/zenodo.35680",
    address   =	 {University of Waterloo, Waterloo, Ontario, Canada},
    type      =	 {Technical Report}
}
% -----------------------------------------------------------------------
% Document End
% -----------------------------------------------------------------------
